@online{WHO-blindness-and-visual-impairment,
    title = "Cécité et déficience visuelle",
    author = {\acrfull{who}},
    url  = "https://www.who.int/fr/news-room/fact-sheets/detail/blindness-and-visual-impairment",
    addendum = "(Accédé le 05/04/2022)",
}

@online{number-of-blind,
    title = "Global Prevalence of Blindness and Distance and Near Vision Impairment in 2020: progress towards the Vision 2020 targets and what the future holds.",
    author = {IOVS | ARVO Journals},
    url  = "https://iovs.arvojournals.org/article.aspx?articleid=2767477",
    addendum = "(Accédé le 05/04/2022)",
}

@online{arduino-introduction,
    title = "What is Arduino?",
    author = {Arduino},
    url  = "https://www.arduino.cc/en/Guide/Introduction",
    addendum = "(Accédé le 07/04/2022)",
}

@online{arduino-types,
    title = "Standard Arduino Comparison Guide",
    author = {SparkFun Electronics},
    url  = "https://www.sparkfun.com/standard_arduino_comparison_guide",
    addendum = "(Accédé le 07/04/2022)",
}

@online{hcsr04,
    title = "How HC-SR04 Ultrasonic Sensor Works & How to Interface It With Arduino",
    author = {LastMinuteEngineers},
    url  = "https://lastminuteengineers.com/arduino-sr04-ultrasonic-sensor-tutorial/",
    addendum = "(Accédé le 07/04/2022)",
}

@online{piborg-hc-sr04,
    title = "Ultrasonic Distance Sensor (HC-SR04)",
    author = {PiBorg},
    url  = "https://www.piborg.org/sensors-1136/hc-sr04",
    addendum = "(Accédé le 09/04/2022)",
}

@online{l293d-electrotoile,
    title = "L293D pour moteur à courant continu et Arduino",
    author = {Electrotoile},
    url  = "https://electrotoile.eu/arduino-moteur-DC-shield.php",
    addendum = "(Accédé le 09/04/2022)",
}

@online{frwiki:178425382e,
    title = "Bipeur --- Wikipédia{,} l'encyclopédie libre",
    author = {Wikipédia},
    url  = "http://fr.wikipedia.org/w/index.php?title=Bipeur&oldid=178425382",
    addendum = "(Accédé le 09/04/2022)",
}

@online{frwiki:192185851,
    title = "Flutter (logiciel) --- Wikipédia{,} l'encyclopédie libre",
    author = {Wikipédia},
    url  = "http://fr.wikipedia.org/w/index.php?title=Flutter_(logiciel)&oldid=192185851",
    addendum = "(Accédé le 10/04/2022)",
}

@online{what-is-accessibility,
    title = "What is Accessibility?",
    author = {Interaction Design Foundation (IxDF)},
    url  = "https://www.interaction-design.org/literature/topics/accessibility",
    addendum = "(Accédé le 10/04/2022)",
}

@online{google-maps-pricing,
    title = "Pricing Plans and API Costs",
    author = {Google Maps Platform},
    url  = "https://mapsplatform.google.com/pricing/#places",
    addendum = "(Accédé le 11/04/2022)",
}

@online{google-geocoding-overview,
    title = "Overview | Geocoding API",
    author = {Google Developers},
    url  = "https://developers.google.com/maps/documentation/geocoding/overview",
    addendum = "(Accédé le 12/04/2022)",
}

@online{google-nearby-search,
    title = "Nearby Search | Places API",
    author = {Google Developers},
    url  = "https://developers.google.com/maps/documentation/places/web-service/search-nearby",
    addendum = "(Accédé le 12/04/2022)",
}

@online{google-place-details,
    title = "Place Details | Places API",
    author = {Google Developers},
    url  = "https://developers.google.com/maps/documentation/places/web-service/details",
    addendum = "(Accédé le 12/04/2022)",
}

@online{flutter_bluetooth_serial,
    title = "flutter_bluetooth_serial",
    author = {Flutter Package},
    url  = "https://pub.dev/packages/flutter_bluetooth_serial",
    addendum = "(Accédé le 12/04/2022)",
}

@online{arduino-tone,
    title = "tone()",
    author = {Arduino Reference},
    url  = "https://www.arduino.cc/reference/en/language/functions/advanced-io/tone/",
    addendum = "(Accédé le 13/04/2022)",
}

@online{what-is-screen-reader,
    title = "What is a screen reader?",
    author = {Axess Lab},
    url  = "https://axesslab.com/what-is-a-screen-reader/",
    addendum = "(Accédé le 13/04/2022)",
}

